<?xml version="1.0" encoding="UTF-8"?><collection xmlns="http://www.loc.gov/MARC21/slim"><record><leader>00488nam--2200181-i-4500</leader><controlfield tag="001">000012009</controlfield><controlfield tag="002">20161230</controlfield><controlfield tag="005">20161230201029</controlfield><controlfield tag="008">060222s1000------------r-----000-0-eng-d</controlfield><datafield ind1=" " ind2=" " tag="040"><subfield code="a">IFIN-HH</subfield></datafield><datafield ind1=" " ind2=" " tag="080"><subfield code="a">658(73)</subfield></datafield><datafield ind1="1" ind2=" " tag="100"><subfield code="a">Adams, Walter</subfield></datafield><datafield ind1="1" ind2="0" tag="245"><subfield code="a">The structure of american industry</subfield><subfield code="b">Some case studies</subfield><subfield code="c">Walter adams (ed.)</subfield></datafield><datafield ind1=" " ind2=" " tag="250"><subfield code="a">Third Edition</subfield></datafield><datafield ind1=" " ind2=" " tag="260"><subfield code="a">New York</subfield><subfield code="b">The Macmillan Company</subfield><subfield code="c">1961</subfield></datafield><datafield ind1=" " ind2=" " tag="300"><subfield code="a">603 P</subfield></datafield><datafield ind1=" " ind2=" " tag="852"><subfield code="a">44436</subfield><subfield code="c">H.H</subfield></datafield><datafield ind1=" " ind2=" " tag="CAT"><subfield code="a">Sys</subfield><subfield code="c">20130403</subfield><subfield code="h">171926</subfield></datafield></record></collection>